@article{zaron2014time,
  title={Time-variable refraction of the internal tide at the {H}awaiian {R}idge},
  author={Zaron, Edward D and Egbert, Gary D},
  journal={Journal of Physical Oceanography},
  volume={44},
  number={2},
  pages={538--557},
  year={2014}
}

@book{ward2000rare,
	title={Rare Earth: Why Complex Life Is Uncommon in the Universe},
	author={Ward, Peter D. and Brownlee, Donald},
	publisher={Copernicus Books},
	year={2000}
}

@article{rainville2006propagation,
  title={Propagation of low-mode internal waves through the ocean},
  author={Rainville, Luc and Pinkel, Robert},
  journal={Journal of Physical Oceanography},
  volume={36},
  number={6},
  pages={1220--1236},
  year={2006}
}

@incollection{munk1981internal,
  author	= "Munk, W",
  title		= "Internal waves and small-scale processes",
  booktitle = "Evolution of Physical Oceanography",
  editor 	= "Warren, BA and Wunsch, C",
  chapter   = 9,
  pages 	= "264--291",
  year		= 1981,
  publisher	= "MIT Press, Cambridge, Mass"
}

@article{zhao2016global,
  title={Global {O}bservations of {O}pen-{O}cean {M}ode-1 {M2} {I}nternal {T}ides},
  author={Zhao, Zhongxiang and Alford, Matthew H and Girton, James B and Rainville, Luc and Simmons, Harper L},
  journal={Journal of Physical Oceanography},
  volume={46},
  number={5},
  year={2016}
}

@article{ward2010scattering,
  title={Scattering of gravity waves by potential vorticity in a shallow-water fluid},
  author={Ward, Marshall L and Dewar, William K},
  journal={Journal of Fluid Mechanics},
  volume={663},
  pages={478--506},
  year={2010},
  publisher={Cambridge Univ Press}
}

@article{dewar1995fast,
  title={Do fast gravity waves interact with geostrophic motions?},
  author={Dewar, William K and Killworth, Peter D},
  journal={Deep Sea Research Part I: Oceanographic Research Papers},
  volume={42},
  number={7},
  pages={1063--1081},
  year={1995},
  publisher={Elsevier}
}

@article{warn1986statistical,
  title={Statistical mechanical equilibria of the shallow water equations},
  author={Warn, T},
  journal={Tellus A},
  volume={38},
  number={1},
  pages={1--11},
  year={1986},
  publisher={Wiley Online Library}
}

@article{jochum2013impact,
  title={The impact of oceanic near-inertial waves on climate},
  author={Jochum, Markus and Briegleb, Bruce P and Danabasoglu, Gokhan and Large, William G and Norton, Nancy J and Jayne, Steven R and Alford, Matthew H and Bryan, Frank O},
  journal={Journal of Climate},
  volume={26},
  number={9},
  pages={2833--2844},
  year={2013}
}

@article{melet2014sensitivity,
  title={Sensitivity of the ocean state to lee wave-driven mixing},
  author={Melet, Ang{\'e}lique and Hallberg, Robert and Legg, Sonya and Nikurashin, Maxim},
  journal={Journal of Physical Oceanography},
  volume={44},
  number={3},
  pages={900--921},
  year={2014}
}

@article{olbers2013global,
  title={A global model for the diapycnal diffusivity induced by internal gravity waves},
  author={Olbers, Dirk and Eden, Carsten},
  journal={Journal of Physical Oceanography},
  volume={43},
  number={8},
  pages={1759--1779},
  year={2013}
}


@article{zhao2012mapping,
  title={Mapping low-mode internal tides from multisatellite altimetry},
  author={Zhao, Zhongxiang and Alford, Matthew H and Girton, James B},
  journal={Oceanography-Oceanography Society},
  volume={25},
  number={2},
  pages={42},
  year={2012}
}

@article{danabasoglu2007effects,
  title={Effects of vertical variations of thickness diffusivity in an ocean general circulation model},
  author={Danabasoglu, Gokhan and Marshall, John},
  journal={Ocean Modelling},
  volume={18},
  number={2},
  pages={122--141},
  year={2007},
  publisher={Elsevier}
}

@article{danabasoglu2012ccsm4,
  title={The {CCSM}4 ocean component},
  author={Danabasoglu, Gokhan and Bates, Susan C and Briegleb, Bruce P and Jayne, Steven R and Jochum, Markus and Large, William G and Peacock, Synte and Yeager, Steve G},
  journal={Journal of Climate},
  volume={25},
  number={5},
  pages={1361--1389},
  year={2012}
}

@article{green2013comparison,
  title={A comparison of tidal conversion parameterizations for tidal models},
  author={Green, JA Mattias and Nycander, Jonas},
  journal={Journal of Physical Oceanography},
  volume={43},
  number={1},
  pages={104--119},
  year={2013}
}


@article{melet2013sensitivity,
  title={Sensitivity of the ocean state to the vertical distribution of internal-tide-driven mixing},
  author={Melet, Angelique and Hallberg, Robert and Legg, Sonya and Polzin, Kurt},
  journal={Journal of Physical Oceanography},
  volume={43},
  number={3},
  pages={602--615},
  year={2013}
}

@article{polzin2010mesoscale,
  title={Mesoscale eddy-internal wave coupling. {P}art {II}: {E}nergetics and results from {POLYMODE}},
  author={Polzin, Kurt L},
  journal={Journal of Physical Oceanography},
  volume={40},
  number={4},
  pages={789--801},
  year={2010}
}

@article{nash2012unpredictable,
  title={The unpredictable nature of internal tides on continental shelves},
  author={Nash, Jonathan D and Kelly, Samuel M and Shroyer, Emily L and Moum, James N and Duda, Timothy F},
  journal={Journal of Physical Oceanography},
  volume={42},
  number={11},
  pages={1981--2000},
  year={2012}
}

@book{lighthill2001waves,
  title={Waves in Fluids},
  author={Lighthill, James},
  year={2001},
  publisher={Cambridge University Press}
}

@article{hendershott1977numerical,
  title={Numerical models of ocean tides},
  author={Hendershott, MYRL C},
  journal={The sea},
  volume={6},
  pages={47--95},
  year={1977},
  publisher={John Wiley \& Sons Amsterdam}
}

@article{munk1998abyssal,
  title={Abyssal recipes II: Energetics of tidal and wind mixing},
  author={Munk, Walter and Wunsch, Carl},
  journal={Deep Sea Research Part I: Oceanographic Research Papers},
  volume={45},
  number={12},
  pages={1977--2010},
  year={1998},
  publisher={Elsevier}
}

@article{egbert2000significant,
  title={Significant dissipation of tidal energy in the deep ocean inferred from satellite altimeter data},
  author={Egbert, GD and Ray, RD},
  journal={Nature},
  volume={405},
  number={6788},
  pages={775--778},
  year={2000},
  publisher={Nature Publishing Group}
}

@article{wunsch1975internal,
  title={Internal tides in the ocean},
  author={Wunsch, Carl},
  journal={Reviews of Geophysics},
  volume={13},
  number={1},
  pages={167--182},
  year={1975},
  publisher={Wiley Online Library}
}

@article{garrett2007internal,
  title={Internal tide generation in the deep ocean},
  author={Garrett, Chris and Kunze, Eric},
  journal={Annu. Rev. Fluid Mech.},
  volume={39},
  pages={57--87},
  year={2007},
  publisher={Annual Reviews}
}

@article{ponte2015incoherent,
  title={Incoherent signature of internal tides on sea level in idealized numerical simulations},
  author={Ponte, Aurelien L and Klein, Patrice},
  journal={Geophysical Research Letters},
  volume={42},
  number={5},
  pages={1520--1526},
  year={2015},
  publisher={Wiley Online Library}
}

@article{Ferrari2009,
	Author = {Ferrari, Raffaele and Wunsch, Carl},
	Journal = {Annual Review of Fluid Mechanics},
	Number = {1},
	Pages = {253},
	Title = {Ocean circulation kinetic energy: Reservoirs, sources, and sinks},
	Volume = {41},
	Year = {2009}}

@book{batchelor2000introduction,
  title={An Introduction to Fluid Dynamics},
  author={Batchelor, George Keith},
  year={2000},
  publisher={Cambridge University Press}
}

@misc{westpacData, 
	author = "WESTPAC Experiment data (July 1980-May 1981) from OSU's Deep Water Archive",
	url = "http://www.cmrecords.net/quick/pacific/wp/wp.htm",
   	note = "[url http://www.cmrecords.net/quick/pacific/wp/wp.htm accessed 26-April-2016]",
	year = 2016
}

@misc{ wiki:Pacific_Ocean,
   	author = "Wikipedia",
   	title = "Pacific Ocean --- Wikipedia{,} The Free Encyclopedia",
   	year = "2016",
	url= "https://en.wikipedia.org/wiki/Pacific_Ocean",
   	note = "[Online; accessed 22-March-2016]"
 }

@article{falkowski2000global,
  title={The global carbon cycle: a test of our knowledge of earth as a system},
  author={Falkowski, Paul and Scholes, RJ and Boyle, E e a1 and Canadell, Josep and Canfield, D and Elser, J and Gruber, Nicolas and Hibbard, K and H{\"o}gberg, P and Linder, S and others},
  journal={Science},
  volume={290},
  number={5490},
  pages={291--296},
  year={2000},
  publisher={American Association for the Advancement of Science}
}

@article{levitus2009global,
  title={Global ocean heat content 1955--2008 in light of recently revealed instrumentation problems},
  author={Levitus, Syd and Antonov, JI and Boyer, TP and Locarnini, RA and Garcia, HE and Mishonov, AV},
  journal={Geophysical Research Letters},
  volume={36},
  number={7},
  year={2009},
  publisher={Wiley Online Library}
}

@article{levitus2012world,
  title={World ocean heat content and thermosteric sea level change (0--2000 m), 1955--2010},
  author={Levitus, Sydney and Antonov, John I and Boyer, Tim P and Baranova, Olga K and Garcia, Hernan Eduardo and Locarnini, Ricardo Alejandro and Mishonov, Alexey V and Reagan, JR and Seidov, Dan and Yarosh, Evgeney S and others},
  journal={Geophysical Research Letters},
  volume={39},
  number={10},
  year={2012},
  publisher={Wiley Online Library}
}

@article{sabine2004oceanic,
  title={The oceanic sink for anthropogenic {CO}$_2$},
  author={Sabine, Christopher L and Feely, Richard A and Gruber, Nicolas and Key, Robert M and Lee, Kitack and Bullister, John L and Wanninkhof, Rik and Wong, CSl and Wallace, Douglas WR and Tilbrook, Bronte and others},
  journal={Science},
  volume={305},
  number={5682},
  pages={367--371},
  year={2004},
  publisher={American Association for the Advancement of Science}
}

@article{munk1966abyssal,
  title={Abyssal recipes},
  author={Munk, Walter H},
  journal={Deep Sea Research and Oceanographic Abstracts},
  volume={13},
  number={4},
  pages={707--730},
  year={1966},
  organization={Elsevier}
}

@article{houghton2007balancing,
  title={Balancing the global carbon budget},
  author={Houghton, RA},
  journal={Annu. Rev. Earth Planet. Sci.},
  volume={35},
  pages={313--347},
  year={2007},
  publisher={Annual Reviews}
}

@article{archer1998dynamics,
  title={Dynamics of fossil fuel {CO}$_2$ neutralization by marine {C}a{CO}$_3$},
  author={Archer, David and Kheshgi, Haroon and Maier-Reimer, Ernst},
  journal={Global Biogeochemical Cycles},
  volume={12},
  number={2},
  pages={259--276},
  year={1998},
  publisher={Wiley Online Library}
}

@article{wunsch2004vertical,
  title={Vertical mixing, energy, and the general circulation of the oceans},
  author={Wunsch, Carl and Ferrari, Raffaele},
  journal={Annu. Rev. Fluid Mech.},
  volume={36},
  pages={281--314},
  year={2004},
  publisher={Annual Reviews}
}

@article{garrett1993boundary,
  title={Boundary mixing and arrested Ekman layers: Rotating stratified flow near a sloping boundary},
  author={Garrett, Chris and MacCready, Parker and Rhines, Peter},
  journal={Annual Review of Fluid Mechanics},
  volume={25},
  number={1},
  pages={291--323},
  year={1993},
  publisher={Annual Reviews 4139 El Camino Way, PO Box 10139, Palo Alto, CA 94303-0139, USA}
}

@article{armi1978some,
  title={Some evidence for boundary mixing in the deep ocean},
  author={Armi, Laurence},
  journal={Journal of Geophysical Research: Oceans (1978--2012)},
  volume={83},
  number={C4},
  pages={1971--1979},
  year={1978},
  publisher={Wiley Online Library}
}

@article{musgrave2016stratified,
	title={Stratified tidal flow over a tall ridge above and below the turning latitude},
	author={Musgrave, Ruth C and MacKinnon, Jennifer A and Mazloff, Matthew R and Young, William R}, 
	journal={Journal of Fluid Mechanics},
	volume={793},
	pages={933-957},
	year={2016},
	publisher={Cambridge Univ Press}
}

@article{taylor2007internal,
  title={Internal gravity waves generated by a turbulent bottom Ekman layer},
  author={Taylor, John R and Sarkar, Sutanu},
  journal={Journal of Fluid Mechanics},
  volume={590},
  pages={331--354},
  year={2007},
  publisher={Cambridge Univ Press}
}

@article{gayen2010large,
  title={Large eddy simulation of a stratified boundary layer under an oscillatory current},
  author={Gayen, Bishakhdatta and Sarkar, Sutanu and Taylor, John R},
  journal={Journal of Fluid Mechanics},
  volume={643},
  pages={233--266},
  year={2010},
  publisher={Cambridge Univ Press}
}

@article{gayen2011direct,
  title={Direct and large-eddy simulations of internal tide generation at a near-critical slope},
  author={Gayen, Bishakhdatta and Sarkar, Sutanu},
  journal={Journal of Fluid Mechanics},
  volume={681},
  pages={48--79},
  year={2011},
  publisher={Cambridge Univ Press}
}

@inproceedings{deusebio2011direct,
  title={Direct numerical simulations of stratified open channel flows},
  author={Deusebio, Enrico and Schlatter, Philipp and Brethouwer, Gert and Lindborg, Erik},
  booktitle={Journal of Physics: Conference Series},
  volume={318},
  number={2},
  pages={022009},
  year={2011},
  organization={IOP Publishing}
}

@article{nikurashin2013routes,
  title={Routes to energy dissipation for geostrophic flows in the {S}outhern {O}cean},
  author={Nikurashin, Maxim and Vallis, Geoffrey K and Adcroft, Alistair},
  journal={Nature Geoscience},
  volume={6},
  number={1},
  pages={48--51},
  year={2013},
  publisher={Nature Publishing Group}
}

@article{nikurashin2014impact,
  title={The impact of finite-amplitude bottom topography on internal wave generation in the {S}outhern {O}cean},
  author={Nikurashin, Maxim and Ferrari, Raffaele and Grisouard, Nicolas and Polzin, Kurt},
  journal={Journal of Physical Oceanography},
  volume={44},
  number={11},
  pages={2938--2950},
  year={2014}
}

@article{benthuysen2013nonlinear,
  title={Nonlinear stratified spindown over a slope},
  author={Benthuysen, Jessica A and Thomas, Leif N},
  journal={Journal of Fluid Mechanics},
  volume={726},
  pages={371--403},
  year={2013},
  publisher={Cambridge Univ Press}
}

@article{brink2010buoyancy,
  title={Buoyancy arrest and bottom {E}kman transport. Part {I}: {S}teady flow},
  author={Brink, Kenneth H and Lentz, Steven J},
  journal={Journal of Physical Oceanography},
  volume={40},
  number={4},
  pages={621--635},
  year={2010}
}

@article{brink2010buoyancyB,
  title={Buoyancy arrest and bottom {E}kman transport. Part {II}: {O}scillating flow},
  author={Brink, Kenneth H and Lentz, Steven J},
  journal={Journal of Physical Oceanography},
  volume={40},
  number={4},
  pages={636--655},
  year={2010}
}

@article{polzin1997spatial,
  title={Spatial variability of turbulent mixing in the abyssal ocean},
  author={Polzin, KL and Toole, JM and Ledwell, JR and Schmitt, RW},
  journal={Science},
  volume={276},
  number={5309},
  pages={93--96},
  year={1997},
  publisher={American Association for the Advancement of Science}
}

@article{waterhouse2014global,
  title={Global patterns of diapycnal mixing from measurements of the turbulent dissipation rate},
  author={Waterhouse, Amy F and MacKinnon, Jennifer A and Nash, Jonathan D and Alford, Matthew H and Kunze, Eric and Simmons, Harper L and Polzin, Kurt L and St. Laurent, Louis C and Sun, Oliver M and Pinkel, Robert and others},
  journal={Journal of Physical Oceanography},
  volume={44},
  number={7},
  pages={1854--1872},
  year={2014}
}

@article{marshall2012closure,
  title={Closure of the meridional overturning circulation through {S}outhern {O}cean upwelling},
  author={Marshall, John and Speer, Kevin},
  journal={Nature Geoscience},
  volume={5},
  number={3},
  pages={171--180},
  year={2012},
  publisher={Nature Publishing Group}
}

@article{marshall1997finite,
  title={A finite-volume, incompressible Navier Stokes model for studies of the ocean on parallel computers},
  author={Marshall, John and Adcroft, Alistair and Hill, Chris and Perelman, Lev and Heisey, Curt},
  journal={Journal of Geophysical Research},
  volume={102},
  pages={5753--5766},
  year={1997},
  publisher={AGU AMERICAN GEOPHYSICAL UNION}
}

@article{devries2011dynamically,
  title={Dynamically and observationally constrained estimates of water-mass distributions and ages in the global ocean},
  author={DeVries, Tim and Primeau, Fran{\c{c}}ois},
  journal={Journal of Physical iceanography},
  volume={41},
  number={12},
  pages={2381--2401},
  year={2011}
}

@article{watson2013rapid,
  title={Rapid cross-density ocean mixing at mid-depths in the Drake Passage measured by tracer release},
  author={Watson, Andrew J and Ledwell, James R and Messias, Marie-Jos{\'e} and King, Brian A and Mackay, Neill and Meredith, Michael P and Mills, Benjamin and Garabato, Alberto C Naveira},
  journal={Nature},
  volume={501},
  number={7467},
  pages={408--411},
  year={2013},
  publisher={Nature Publishing Group}
}

@article{waugh2013recent,
  title={Recent changes in the ventilation of the southern oceans},
  author={Waugh, Darryn W and Primeau, Francois and DeVries, Tim and Holzer, Mark},
  journal={science},
  volume={339},
  number={6119},
  pages={568--570},
  year={2013},
  publisher={American Association for the Advancement of Science}
}

@article{stammer2002state,
  title={State estimation improves prospects for ocean research},
  author={Stammer, Detlef and Wunsch, C and Fukumori, I and Marshall, J},
  journal={Eos, Transactions American Geophysical Union},
  volume={83},
  number={27},
  pages={289--295},
  year={2002},
  publisher={Wiley Online Library}
}

@article{forget2015ecco,
  title={{ECCO} version 4: an integrated framework for non-linear inverse modeling and global ocean state estimation},
  author={Forget, Gael and Campin, JM and Heimbach, P and Hill, C and Ponte, R and Wunsch, C},
  journal={Geoscientific Model Development Submitted},
  year={2015}
}

@article{benthuysen2015rapid,
  title={Rapid generation of upwelling at a shelf break caused by buoyancy shutdown},
  author={Benthuysen, Jessica and Thomas, Leif N and Lentz, Steven J},
  journal={Journal of Physical Oceanography},
  volume={45},
  number={1},
  pages={294--312},
  year={2015}
}

@article{ledwell2000evidence,
  title={Evidence for enhanced mixing over rough topography in the abyssal ocean},
  author={Ledwell, JR and Montgomery, ET and Polzin, KL and Laurent, LC St and Schmitt, RW and Toole, JM},
  journal={Nature},
  volume={403},
  number={6766},
  pages={179--182},
  year={2000},
  publisher={Nature Publishing Group}
}

@article{sheen2013rates,
  title={Rates and mechanisms of turbulent dissipation and mixing in the Southern Ocean: Results from the Diapycnal and Isopycnal Mixing Experiment in the Southern Ocean (DIMES)},
  author={Sheen, Katy L and Brearley, JA and Naveira Garabato, Alberto C and Smeed, DA and Waterman, S and Ledwell, James R and Meredith, Michael P and St Laurent, L and Thurnherr, Andreas M and Toole, John M and others},
  journal={Journal of Geophysical Research: Oceans},
  volume={118},
  number={6},
  pages={2774--2792},
  year={2013},
  publisher={Wiley Online Library}
}

@article{tulloch2014direct,
  title={Direct estimate of lateral eddy diffusivity upstream of Drake Passage},
  author={Tulloch, Ross and Ferrari, Raffaele and Jahn, Oliver and Klocker, Andreas and LaCasce, Joseph and Ledwell, James R and Marshall, John and Messias, Marie-Jose and Speer, Kevin and Watson, Andrew},
  journal={Journal of Physical Oceanography},
  volume={44},
  number={10},
  pages={2593--2616},
  year={2014}
}

@article{levin2015deep,
  title={The deep ocean under climate change},
  author={Levin, Lisa A and Le Bris, Nadine},
  journal={Science},
  volume={350},
  number={6262},
  pages={766--768},
  year={2015},
  publisher={American Association for the Advancement of Science}
}

@article{bartello1995geostrophic,
  title={Geostrophic adjustment and inverse cascades in rotating stratified turbulence},
  author={Bartello, Peter},
  journal={Journal of the Atmospheric Sciences},
  volume={52},
  number={24},
  pages={4410--4428},
  year={1995}
}

@article{majda1998averaging,
  title={Averaging over fast gravity waves for geophysical flows with unbalanced initial data},
  author={Majda, Andrew J and Embid, Pedro},
  journal={Theoretical and computational fluid dynamics},
  volume={11},
  number={3-4},
  pages={155--169},
  year={1998},
  publisher={Springer}
}

@book{Batchelor,
  title={An introduction to fluid dynamics},
  author={Batchelor, George Keith},
  year={2000},
  chapter={2},
  publisher={Cambridge University Press}
}

@article{muller1986nonlinear,
  title={Nonlinear interactions among internal gravity waves},
  author={M{\"u}ller, Peter and Holloway, Greg and Henyey, Frank and Pomphrey, Neil},
  journal={Rev. Geophys},
  volume={24},
  number={3},
  pages={493--536},
  year={1986}
}

@article{callies2014transition,
  title={Transition from geostrophic turbulence to inertia--gravity waves in the atmospheric energy spectrum},
  author={Callies, J{\"o}rn and Ferrari, Raffaele and B{\"u}hler, Oliver},
  journal={Proceedings of the National Academy of Sciences},
  volume={111},
  number={48},
  pages={17033--17038},
  year={2014},
  publisher={National Acad Sciences}
}

@article{alford2007global,
  title={Global patterns of low-mode internal-wave propagation. Part II: Group velocity},
  author={Alford, Matthew H and Zhao, Zhongxiang},
  journal={Journal of physical oceanography},
  volume={37},
  number={7},
  pages={1849--1858},
  year={2007}
}

@article{DAsaro1995,
  title={Upper-ocean inertial currents forced by a strong storm. {P}art {I}: {D}ata and comparisons with linear theory},
  author={D'Asaro, Eric A and Eriksen, Charles C and Levine, Murray D and Paulson, Clayton A and Niiler, Peter and Van Meurs, Pim},
  year={1995},
  Journal = {Journal of Physical Oceanography},
  Volume ={25},
  publisher={American Meteorological Society},
  pages ={2909--2936},
}
	
@book{Craik,
  title={Wave Interactions and Fluid Flows},
  author={Craik, Alex DD},
  year={1988},
  publisher={Cambridge University Press}
}

@article{Holmes2011,
  title={Particle dispersion by random waves in the rotating {B}oussinesq system},
  author={Holmes-Cerfon, Miranda and B{\"u}hler, Oliver and Ferrari, Raffaele},
  journal={Journal of Fluid Mechanics},
  volume={670},
  pages={150--175},
  year={2011},
  publisher={Cambridge Univ Press}
}

@article{Buhler2009,
  title={Particle dispersion by random waves in rotating shallow water},
  author={B{\"u}hler, Oliver and Holmes-Cerfon, Miranda},
  journal={Journal of Fluid Mechanics},
  volume={638},
  pages={5--26},
  year={2009},
  publisher={Cambridge Univ Press}
}

@article{McIntyre1988,
  title={A note on the divergence effect and the {L}agrangian-mean surface elevation in periodic water waves},
  author={McIntyre, ME},
  journal={Journal of Fluid Mechanics},
  volume={189},
  pages={235--242},
  year={1988},
  publisher={Cambridge Univ Press}
}

@article{buhler2014wave,
  title={Wave--vortex decomposition of one-dimensional ship-track data},
  author={B{\"u}hler, Oliver and Callies, J{\"o}rn and Ferrari, Raffaele},
  journal={Journal of Fluid Mechanics},
  volume={756},
  pages={1007--1026},
  year={2014},
  publisher={Cambridge Univ Press}
}
	
@article{HollidayMcIntyre,
	Title={On potential energy density in an incompressible, stratified fluid},
	Author={Holliday, D and McIntyre, M E},
  	Journal={Journal of Fluid Mechanics},
  	Volume={107},
  	Pages={221--225},
  	Year={1981},
  	Publisher={Cambridge Univ Press}
}
	
@article{Wunsch2004,
  title={Vertical mixing, energy, and the general circulation of the oceans},
  author={Wunsch, Carl and Ferrari, Raffaele},
  journal={Annual Review of Fluid Mechanics},
  volume={36},
  pages={281--314},
  year={2004},
  publisher={Annual Reviews}
}

@article{Ferrari2008,
  title={Ocean circulation kinetic energy: Reservoirs, sources, and sinks},
  author={Ferrari, Raffaele and Wunsch, Carl},
  journal={Annual Review of Fluid Mechanics},
  volume={41},
  number={1},
  pages={253},
  year={2008}
}
	
@article{KLS2001,
	Author =  {Klein, P and Llewellyn Smith, SG}, 
	Title ={Horizontal dispersion of near-inertial oscillations in a turbulent mesoscale eddy field},
	Journal ={Journal of Marine Research}, 
	Volume={59}, 
	Pages = {697-723},
	Year ={2001}}

@article{KLSL2004,
	Author 	= { Klein,  P and  Llewellyn Smith,  SG and  Lapeyre,  G},
	Title 	= {Organization of near-inertial energy by an eddy field},
	Journal = {Quarterly Journal of the  Royal Meteorological Society},
	Volume 	= {130}, 
	Pages 	= {1153-1166}, 
	Year 	= {2004}}

@article{M75,
	Author 	= {Mooers, CNK},
	Title	= {Several effects of a baroclinic current on the cross-stream propagation of inertial-internal waves},
	Journal	= {Geophysical Fluid Dynamics}, 
	Volume 	= {6}, 
	Pages	= {245-275},
	Year 	= {1975}}

@article{K85,
	Author 	= {Kunze, E}, 
	Title 	= {Near inertial wave propagation in geostrophic shear}, 
	Journal = {Journal of Physical Oceanography}, 
	Volume 	= {15},
	Pages 	= {544-565},
	Year	= {1985}}

@article{Miles62,
	Author = {Miles, J W},
	Date-Added = {2013-01-17 12:58:47 -0800},
	Date-Modified = {2013-01-17 13:02:11 -0800},
	Journal = {Journal of Fluid Mechanics},
	Pages = {433-448},
	Title = {On the generation of surface waves by shear flow, Part 4},
	Volume = {13},
	Year = {1962}}

@book{Buhler,
	Author 		= {B\"uhler, O},
	Publisher 	= {Cambridge University Press},
	Title 		= {Waves and Mean Flows},
	Year 		= {2009}}

@article{BannerPeirson,
	Author 	= {Banner, ML and Peirson, WL},
	Journal = {Journal of Fluid Mechanics},
	Pages 	= {115--145},
	Title 	= {Tangential stress beneath wind-driven air-water interfaces},
	Volume 	= {364},
	Year 	= {1998}}

@book{Lighthill,
	Author 		= {Lighthill, MJ},
	Publisher 	= {Cambridge University Press},
	Title 		= {Waves in Fluids},
	Year 		= {1978}}
	
	
@article{YBJ,
	  title={Propagation of near-inertial oscillations through a geostrophic flow},
	  author={Young, W R and Ben Jelloul, M},
	  journal={Journal of Marine Research},
	  volume={55},
	  number={4},
	  pages={735--766},
	  year={1997},
	  publisher={Sears Foundation for Marine Research}
}
	
@article{Danioux2012,
	Author = {Danioux, E. and Vanneste, J.  and  P. Klein, P. and 		Sasaki, H.},
	Journal = {Journal of Fluid Mechanics},
	Pages = {153--173},
	Title={Spontaneous inertia-gravity-wave generation by surface-		intensified turbulence},
	Volume = {699},
	Year = {2012}}

@article{AndrewsMcIntyre,
	Author 	= {Andrews, D. G. and McIntyre, M. E.},
	Journal = {Journal of Fluid Mechanics},
	Pages 	= {609--646},
	Title 	=  {An exact theory of nonlinear waves on a {L}agrangian-mean flow},
	Volume 	= {89},
	Year 	= {1978}
}

@article{Falkovich,
	Author = {Falkovich, G. and Kuznetsov, E. and Medvedev, S.}, 
	Journal = {Nonlinear Processes in Geophysics},
	Pages = {168--171},
	Title =  {Nonlinear interaction between long inertio-gravity and {R}ossby waves},
	Volume = {1},
	Year = {1994}}
	
@article{reznik2001,
	  title={Nonlinear theory of geostrophic adjustment. {P}art 1. {R}otating shallow-water model},
  	author={Reznik, GM and Zeitlin, V and Ben Jelloul, M},
  	journal={Journal of Fluid Mechanics},
  	volume={445},
  	pages={93--120},
  	year={2001},
  	publisher={Cambridge Univ Press}
}

@article{salmon2013,
  	title={An alternative view of generalized {L}agrangian mean theory},
  	author={Salmon, Rick},
  	journal={Journal of Fluid Mechanics},
  	volume={719},
  	pages={165--182},
  	year={2013},
  	publisher={Cambridge Univ Press}
}

@article{zeitlin2003,
  	title={Nonlinear theory of geostrophic adjustment. {P}art 2. {T}wo-layer and continuously stratified primitive equations},
  	author={Zeitlin, V and Reznik, GM and Ben Jelloul, M},
  	journal={Journal of Fluid Mechanics},
  	volume={491},
  	pages={207--228},
  	year={2003},
 	 publisher={Cambridge Univ Press}
}

@article{BuhlerMcIntyre,
	Author = {B\"uhler, O and McIntyre, M E},
	Journal = {Journal of Fluid Mechanics},
	Pages = {609--646},
	Title =  {On non-dissipative wave-mean interactions in the atmosphere or oceans},
	Volume = {354},
	Year = {1998}}
	
@article{VannesteYBJ,
	Author = {Vanneste, J}, 
	Title = {Deriving the {Y}oung-{B}en {J}elloul model of near-inertial oscillations by {W}hitham averaging},
	Journal = {arXiv:1410.0253},
	Year = {2014}}
	
@article{Vanneste2013,
  	title={Balance and spontaneous wave generation in geophysical flows},
  	author={Vanneste, Jacques},
  	year={2013},
  	Volume = {45},
  	Pages ={147--172},
 	Journal={Annual Reviews of Fluid Mechanics}
}
	
@article{Bretherton,
  	title	= {On the mean motion induced by internal gravity waves},
  	author	= {Bretherton, Francis P.},
  	year	= {1969},
  	Volume 	= {36},
	Number  = {4},
  	Pages 	= {785--803},
 	Journal	= {Journal of Fluid Mechanics},
}


@article{XieVanneste,
	Author = {Xie, J-H. and Vanneste, J.},
	Journal = {Journal of Fluid Mechanics},
	Title =  {A generalised {L}agrangian-mean model of the interactions between near-inertial waves and mean flow},
	Year = {2015}}
	
@article{KataokaAkylas,
	Author = {Kataoka, T. and Akylas, T.R.},
	Journal = {Journal of Fluid Mechanics},
	Title =  {On three-dimensional internal gravity wave beams and induced large-scale mean flows},
	Year = {2015},
	Volume = {769},
	Pages = {621--634},
}
	


@book{Pedlosky,
  title={Geophysical {F}luid {D}ynamics},
  author={Pedlosky, Joseph},
 publisher={Springer-Verlag},
  year={1982}
}

@book{Vallis,
  title={Atmospheric and {O}ceanic {F}luid {D}ynamics: {F}undamentals and {L}arge-{S}cale {C}irculation},
  author={Vallis, Geoffrey K},
  year={2006},
  publisher={Cambridge University Press}
}

@book{Salmon,
  title={Lectures on {G}eophysical {F}luid {D}ynamics},
  author={Salmon, Rick},
  year={1998},
  publisher={Oxford University Press Oxford}
}

@article{buhler2005wave,
  title={Wave capture and wave--vortex duality},
  author={B{\"u}hler, Oliver and McIntyre, Michael E},
  journal={Journal of Fluid Mechanics},
  volume={534},
  pages={67--95},
  year={2005},
  publisher={Cambridge Univ Press}
}

@article{buhler2003remote,
  title={Remote recoil: a new wave--mean interaction effect},
  author={B{\"u}hler, Oliver and McIntyre, Michael E},
  journal={Journal of Fluid Mechanics},
  volume={492},
  pages={207--230},
  year={2003},
  publisher={Cambridge Univ Press}
}


@article{danioux2015concentration,
  title={On the concentration of near-inertial waves in anticyclones},
  author={Danioux, Eric and Vanneste, Jacques and B{\"u}hler, Oliver},
  journal={Journal of Fluid Mechanics},
  volume={773},
  pages={R2},
  year={2015},
  publisher={Cambridge Univ Press}
}

@article{dunphy2014focusing,
  title={Focusing and vertical mode scattering of the first mode internal tide by mesoscale eddy interaction},
  author={Dunphy, Michael and Kevin G. Lamb},
  journal={Journal of Geophysical Research: Oceans},
  volume={119},
  pages={523--536},
  year={2014},
}


@article{niwa1999response,
  title={Response of the deep ocean internal wave field to traveling midlatitude storms as observed in long-term current measurements},
  author={Niwa, Yoshihiro and Hibiya, Toshiyuki},
  journal={Journal of Geophysical Research: Oceans},
  volume={104},
  number={C5},
  pages={10981--10989},
  year={1999},
  publisher={Wiley Online Library}
}

@article{roberts1985introduction,
  title={An introduction to the technique of reconstitution},
  author={Roberts, AJ},
  journal={SIAM journal on Mathematical Analysis},
  volume={16},
  number={6},
  pages={1243--1257},
  year={1985},
  publisher={SIAM}
}

@article{grooms2011linearly,
  title={Linearly implicit methods for nonlinear PDEs with linear dispersion and dissipation},
  author={Grooms, Ian and Julien, Keith},
  journal={Journal of Computational Physics},
  volume={230},
  number={9},
  pages={3630--3650},
  year={2011},
  publisher={Elsevier}
}

@article{cox2002exponential,
  title={Exponential time differencing for stiff systems},
  author={Cox, SM and Matthews, PC},
  journal={Journal of Computational Physics},
  volume={176},
  number={2},
  pages={430--455},
  year={2002},
  publisher={Elsevier}
}

@article{KassamTrefethen,
  title={Fourth-order time-stepping for stiff PDEs},
  author={Kassam, Aly-Khan and Trefethen, Lloyd N},
  journal={SIAM Journal on Scientific Computing},
  volume={26},
  number={4},
  pages={1214--1233},
  year={2005},
  publisher={SIAM}
}

@article{young2008near,
  title={Near-inertial parametric subharmonic instability},
  author={Young, William R. and Tsang, Y-K and  Neil J. Balmforth},
  journal={Journal of Fluid Mechanics},
  volume={607},
  pages={25--49},
  year={2008},
  publisher={Cambridge Univ Press}
}

@article{WagnerYoung2,
  title={A three-component model for the coupled evolution of near-inertial waves, quasi-geostrophic flow, and the near-inertial second harmonic},
  author={Wagner, GL and Young, WR},
  journal={Journal of Fluid Mechanics},
  issue={submitted},
  year={2016},
  publisher={Cambridge Univ Press}
}


@article{WagnerYoung,
  title={Available potential vorticity and wave-averaged quasi-geostrophic flow},
  author={Wagner, GL and Young, WR},
  journal={Journal of Fluid Mechanics},
  volume={785},
  pages={401--424},
  year={2015},
  publisher={Cambridge Univ Press}
}
	
@article{balmforthLlewellnSmith1998,
  title={Enhanced dispersion of near-inertial waves in an idealized geostrophic flow},
  author={Balmforth, NJ and Llewellyn Smith, Stefan G and Young, WR},
  journal={Journal of Marine Research},
  volume={56},
  number={1},
  pages={1--40},
  year={1998},
  publisher={Sears Foundation for Marine Research}
}

@article{balmforth,
	Author = {Balmforth, Neil J. and Young, William R.},
	Journal = {Journal of Marine Research},
	Number = {4},
	Pages = {561--584},
	Publisher = {Sears Foundation for Marine Research},
	Title = {Radiative damping of near-inertial oscillations in the mixed layer},
	Volume = {57},
	Year = {1999}}

@article{danioux2008resonance,
	Author = {Danioux, Eric and Klein, Patrice},
	Journal = {Journal of Physical Oceanography},
	Number = {10},
	Pages = {2322--2329},
	Title = {A {R}esonance {M}echanism {L}eading to {W}ind-{F}orced {M}otions with a 2f {F}requency},
	Volume = {38},
	Year = {2008}}

@article{danioux2008propagation,
	Author = {Danioux, Eric and Klein, Patrice and Rivi{\`e}re, Pascal},
	Journal = {Journal of Physical Oceanography},
	Number = {10},
	Pages = {2224--2241},
	Title = {Propagation of wind energy into the deep ocean through a fully turbulent mesoscale eddy field},
	Volume = {38},
	Year = {2008}}
	
@article{gill1984,
  title={On the behavior of internal waves in the wakes of storms},
  author={Gill, AE},
  journal={Journal of Physical Oceanography},
  volume={14},
  number={7},
  pages={1129--1151},
  year={1984}
}


@article{DAsaro1989,
  title={The decay of wind-forced mixed layer inertial oscillations due to the $\beta$ effect},
  author={D'Asaro, Eric A},
  journal={Journal of Geophysical Research: Oceans (1978--2012)},
  volume={94},
  number={C2},
  pages={2045--2056},
  year={1989},
  publisher={Wiley Online Library}
}

@article{buhler2014wave,
	Author = {B{\"u}hler, Oliver and Callies, J{\"o}rn and Ferrari, Raffaele},
	Journal = {Journal of Fluid Mechanics},
	Pages = {1007--1026},
	Publisher = {Cambridge Univ Press},
	Title = {Wave--vortex decomposition of one-dimensional ship-track data},
	Volume = {756},
	Year = {2014}}

@article{Wunsch2004,
	Author = {Wunsch, Carl and Ferrari, Raffaele},
	Journal = {Annual Review of Fluid Mechanics},
	Pages = {281--314},
	Publisher = {Annual Reviews},
	Title = {Vertical mixing, energy, and the general circulation of the oceans},
	Volume = {36},
	Year = {2004}}

@article{LeeNiiler,
  title={The inertial chimney: {T}he near-inertial energy drainage from the ocean surface to the deep layer},
  author={Lee, Dong-Kyu and Niiler, Pearn P},
  journal={Journal of Geophysical Research: Oceans (1978--2012)},
  volume={103},
  number={C4},
  pages={7579--7591},
  year={1998},
  publisher={Wiley Online Library}
}

@article{Miles62,
	Author = {Miles, J W},
	Date-Added = {2013-01-17 12:58:47 -0800},
	Date-Modified = {2013-01-17 13:02:11 -0800},
	Journal = {Journal of Fluid Mechanics},
	Pages = {433-448},
	Title = {On the generation of surface waves by shear flow, Part 4},
	Volume = {13},
	Year = {1962}}

@article{BannerPeirson,
	Author = {Banner, ML and Peirson, WL},
	Journal = {Journal of Fluid Mechanics},
	Pages = {115--145},
	Title = {Tangential stress beneath wind-driven air-water interfaces},
	Volume = {364},
	Year = {1998}}

@book{Lighthill,
	Author = {Lighthill, MJ},
	Publisher = {Cambridge University Press},
	Title = {Waves in Fluids},
	Year = {1978}}

@article{Danioux2012,
	Author = {Danioux, E. and Vanneste, J. and P. Klein, P. and 		Sasaki, H.},
	Journal = {Journal of Fluid Mechanics},
	Pages = {153--173},
	Title = {Spontaneous inertia-gravity-wave generation by surface-		intensified turbulence},
	Volume = {699},
	Year = {2012}}

@article{salmon2013,
	Author = {Salmon, Rick},
	Journal = {Journal of Fluid Mechanics},
	Pages = {165--182},
	Publisher = {Cambridge Univ Press},
	Title = {An alternative view of generalized {L}agrangian mean theory},
	Volume = {719},
	Year = {2013}}

@article{VannesteYBJ,
	Author = {Vanneste, J},
	Journal = {arXiv:1410.0253},
	Title = {Deriving the {Y}oung-{B}en {J}elloul model of near-inertial oscillations by {W}hitham averaging},
	Year = {2014}}

@article{buhler2005wavecapture,
	Author = {B{\"u}hler, Oliver and McIntyre, Michael E},
	Journal = {Journal of Fluid Mechanics},
	Pages = {67--95},
	Publisher = {Cambridge Univ Press},
	Title = {Wave capture and wave--vortex duality},
	Volume = {534},
	Year = {2005}}

@article{buhler2003remote,
	Author = {B{\"u}hler, Oliver and McIntyre, Michael E},
	Journal = {Journal of Fluid Mechanics},
	Pages = {207--230},
	Publisher = {Cambridge Univ Press},
	Title = {Remote recoil: a new wave--mean interaction effect},
	Volume = {492},
	Year = {2003}}
	
	@article{Winters,
  title={A spectral model for process studies of rotating, density-stratified flows},
  author={Winters, K B and MacKinnon, J A and Mills, Bren},
  journal={Journal of Atmospheric and Oceanic Technology},
  volume={21},
  number={1},
  pages={69--94},
  year={2004}
}
